<?xml version="1.0" encoding="UTF-8"?><record xmlns="http://www.loc.gov/MARC21/slim" xmlns:cinclude="http://apache.org/cocoon/include/1.0" xmlns:zs="http://www.loc.gov/zing/srw/">
  <leader>00400nz  a2200133n  4500</leader>
  <controlfield tag="001">no2012063263</controlfield>
  <controlfield tag="003">DLC</controlfield>
  <controlfield tag="005">20120509075040.0</controlfield>
  <controlfield tag="008">120507n| acannaabn          |n aaa     c</controlfield>
  <datafield tag="010" ind1=" " ind2=" ">
    <subfield code="a">no2012063263</subfield>
  </datafield>
  <datafield tag="035" ind1=" " ind2=" ">
    <subfield code="a">(OCoLC)oca09190898</subfield>
  </datafield>
  <datafield tag="040" ind1=" " ind2=" ">
    <subfield code="a">ItFiC</subfield>
    <subfield code="b">eng</subfield>
    <subfield code="c">ItFiC</subfield>
  </datafield>
  <datafield tag="100" ind1="1" ind2=" ">
    <subfield code="a">Matini, Giovanna</subfield>
  </datafield>
  <datafield tag="670" ind1=" " ind2=" ">
    <subfield code="a">Prestiti privati dei mezzi ufficiali di scambio nel periodo medio-assiro, 2012:</subfield>
    <subfield code="b">t.p. (Giovanna Matini)</subfield>
  </datafield>
</record>